@misc{create-react-app,
	author       = {Facebook},
	title        = {Create React apps with no build configuration},
	howpublished = {\url{https://github.com/facebook/create-react-app}}
}

@misc{react-dom,
	author       = {Facebook},
	title        = {React package that implements DOM specific methods},
	howpublished = {\url{https://es.reactjs.org/docs/react-dom.html}}
}

@misc{DOM,
	title={Document Object Model},
	howpublished={\url{https://developer.mozilla.org/es/docs/Web/API/Document_Object_Model/Introduction}}
}

@misc{react-router-dom,
	author       = {ReactTraining},
	title        = {React package for routing react web apps},
	howpublished = {\url{https://reactrouter.com/web/guides/quick-start}}
}

@misc{KonvaJS,
	author       = {Anton Lavrenov},
	title        = {Konva is an HTML5 Canvas JavaScript framework},
	howpublished = {\url{https://github.com/konvajs/konva}}
}

@misc{gplv3,
    author       = {Free Software Foundation},
    title        = {{GNU} {G}eneral {P}ublic {L}icense},
    version      = {3},
	howpublished = {\url{http://www.gnu.org/licenses/gpl.html}},
    shorthand    = {GPL},
}

@misc{bootstrap,
	author       = {Bootstrap}, 
	title        = {Bootstrap},
	howpublished = {\url{https://getbootstrap.com/}}
}

@misc{,
	author       = {}, 
	title        = {},
	howpublished = {\url{}}
}

@misc{,
	author       = {}, 
	title        = {},
	howpublished = {\url{}}
}

@misc{,
	author       = {}, 
	title        = {},
	howpublished = {\url{}}
}

@misc{,
	author       = {}, 
	title        = {},
	howpublished = {\url{}}
}






